@article{Carlstrom2001Wheels,
  author  = {Carlström, Jesper},
  title   = {Wheels - On Division by Zero},
  year    = {2001},
  journal = {Department of Mathematics, Stockholm University},
  url     = {https://www2.math.su.se/reports/2001/11/2001-11.pdf},
  urldate = {2025-03-29}
}
@misc{youtube:f1,
  author       = {PeakMath},
  title        = {The Rosetta Stone (RH Saga S1E12)},
  howpublished = {YouTube},
  year         = {2025},
  month        = {March},
  url          = {https://www.youtube.com/watch?v=C_rESK81tUU},
  urldate      = {2025-03-30},
}
@misc{milne2015riemannhypothesisfinitefields,
      title={The Riemann Hypothesis over Finite Fields: From Weil to the Present Day}, 
      author={James Milne},
      year={2015},
      eprint={1509.00797},
      archivePrefix={arXiv},
      primaryClass={math.HO},
      url={https://arxiv.org/abs/1509.00797}, 
}
@article{Islam1994,
    author = {Islam, Jamal Nazrul},
    title = {The {Schrödinger} Equation in Quantum Field Theory},
    journal = {Foundations of Physics},
    volume = {24},
    number = {5},
    pages = {593--630},
    year = {1994},
    month = {May},
    doi = {10.1007/BF02054667},
    issn = {0015-9018},
    bibcode = {1994FoPh...24..593I},
    s2cid = {120883802}
}
@book{Davenport2000,
    author = {Davenport, Harold},
    title = {Multiplicative Number Theory},
    series = {Graduate Texts in Mathematics},
    volume = {74},
    edition = {Third},
    publisher = {Springer-Verlag},
    address = {New York},
    year = {2000},
    pages = {124},
    isbn = {0-387-95097-4},
    note = {Revised and with a preface by Hugh L. Montgomery}
}
@article{Hadamard1892,
    author = {Hadamard, J.},
    title = {Essai sur l'étude des fonctions données par leur développement de {Taylor}},
    journal = {Journal de Mathématiques Pures et Appliquées},
    volume = {4},
    number = {8},
    pages = {101--186},
    year = {1892},
    note = {Available at \url{PDF_URL}},
    language = {french}
}
@book{Hermann2014,
    author = {Hermann, Richard},
    title = {Fractional Calculus: An Introduction for Physicists},
    edition = {2nd},
    publisher = {World Scientific Publishing},
    address = {New Jersey},
    year = {2014},
    pages = {46},
    isbn = {978-981-4551-07-6},
    doi = {10.1142/8934},
    bibcode = {2014fcip.book.....H}
}